
@COMMENT{bednorz:1986,
  title   = {Possible high  superconductivity in the Ba--La--Cu--O system},
  author  = {Bednorz, J. G. and MÃ¼ller, K. A.},
  year    = {1986},
  volume  = {64},
  pages   = {189-193},
  issn    = {1431-584X},
  doi     = {10.1007/BF01303701},
  journal = {Z. Physik B - Condensed Matter},
  number  = {2}
}

